<?xml version="1.0" encoding="UTF-8"?><record xmlns="http://www.loc.gov/MARC21/slim" xmlns:cinclude="http://apache.org/cocoon/include/1.0" xmlns:zs="http://www.loc.gov/zing/srw/">
  <leader>00672nz  a2200181n  4500</leader>
  <controlfield tag="001">no2015151392</controlfield>
  <controlfield tag="003">DLC</controlfield>
  <controlfield tag="005">20151112073550.0</controlfield>
  <controlfield tag="008">151111n| azannaabn          |n aaa     c</controlfield>
  <datafield tag="010" ind1=" " ind2=" ">
    <subfield code="a">no2015151392</subfield>
  </datafield>
  <datafield tag="035" ind1=" " ind2=" ">
    <subfield code="a">(OCoLC)oca10319183</subfield>
  </datafield>
  <datafield tag="040" ind1=" " ind2=" ">
    <subfield code="a">NNC-L</subfield>
    <subfield code="b">eng</subfield>
    <subfield code="e">rda</subfield>
    <subfield code="c">NNC-L</subfield>
  </datafield>
  <datafield tag="100" ind1="1" ind2=" ">
    <subfield code="a">Schuler, Oliver</subfield>
  </datafield>
  <datafield tag="372" ind1=" " ind2=" ">
    <subfield code="a">Law</subfield>
    <subfield code="2">lcsh</subfield>
  </datafield>
  <datafield tag="373" ind1=" " ind2=" ">
    <subfield code="a">Universität Zürich</subfield>
    <subfield code="2">naf</subfield>
    <subfield code="t">2014</subfield>
  </datafield>
  <datafield tag="375" ind1=" " ind2=" ">
    <subfield code="a">male</subfield>
  </datafield>
  <datafield tag="377" ind1=" " ind2=" ">
    <subfield code="a">ger</subfield>
  </datafield>
  <datafield tag="670" ind1=" " ind2=" ">
    <subfield code="a">Kognition zwischen Rechtsweggarantie und Gemeindeautonomie in bau- und planungsrechtlichen Verfahren, 2015:</subfield>
    <subfield code="b">title page (Oliver Schuler) page v (based on doctoral dissertation submitted to Rechtswissenschaftliche Fakultät, Universität Zürich, 2014)</subfield>
  </datafield>
</record>